@misc{scrum,
	title = {{What is Scrum?}},
	journal = {Scrum},
	year = {2021},
	month = {Jun},
	note = {[Online; accessed 16. Jun. 2021]},
	url = {https://www.scrum.org/resources/what-is-scrum}
}

@misc{elementary,
	author = {Elementary, {\relax Inc}.},
	title = {{The fast, open, and privacy-respecting replacement for Windows and macOS {$\cdot$} elementary OS}},
	year = {2021},
	month = {Jun},
	note = {[Online; accessed 29. Jun. 2021]},
	url = {https://elementary.io}
}

@misc{aseprite,
	author = {Capello, David},
	title = {{Aseprite}},
	year = {2021},
	month = {Jun},
	note = {[Online; accessed 29. Jun. 2021]},
	url = {https://www.aseprite.org}
}

@misc{gpl3,
	title = {{The GNU General Public License v3.0 - GNU Project - Free Software Foundation}},
	year = {2021},
	month = {Jun},
	note = {[Online; accessed 29. Jun. 2021]},
	url = {https://www.gnu.org/licenses/gpl-3.0.en.html}
}

@misc{apache2,
	title = {{Apache License, Version 2.0}},
	year = {2021},
	month = {Jun},
	note = {[Online; accessed 29. Jun. 2021]},
	url = {https://www.apache.org/licenses/LICENSE-2.0}
}

@misc{babel,
	title = {{License {\ifmmode---\else\textemdash\fi} Babel 2.7.0 documentation}},
	year = {2021},
	month = {Jan},
	note = {[Online; accessed 29. Jun. 2021]},
	url = {http://babel.pocoo.org/en/latest/license.html#babel-license}
}

@misc{gpl2,
	title = {{GNU General Public License v2.0 - GNU Project - Free Software Foundation}},
	year = {2021},
	month = {Jun},
	note = {[Online; accessed 29. Jun. 2021]},
	url = {https://www.gnu.org/licenses/old-licenses/gpl-2.0.en.html}
}

@misc{pythonlicense,
	title = {{History and License {\ifmmode---\else\textemdash\fi} Python 3.9.6 documentation}},
	year = {2021},
	month = {Jun},
	note = {[Online; accessed 29. Jun. 2021]},
	url = {https://docs.python.org/3/license.html#terms-and-conditions-for-accessing-or-otherwise-using-python}
}

@misc{versionanterior,
	author = {adp1002},
	title = {{UBUVoiceAssistant}},
	journal = {GitHub},
	year = {2021},
	month = {Jun},
	note = {[Online; accessed 29. Jun. 2021]},
	url = {https://github.com/adp1002/UBUVoiceAssistant/tree/master/latex}
}

@misc{ccbysa4.0,
	title = {{Creative Commons {\ifmmode---\else\textemdash\fi} Attribution-ShareAlike 4.0 International {\ifmmode---\else\textemdash\fi} CC BY-SA 4.0}},
	year = {2021},
	month = {Jul},
	note = {[Online; accessed 2. Jul. 2021]},
	url = {https://creativecommons.org/licenses/by-sa/4.0}
}