@misc{ virtualassistant,
    author = "{Wikipedia contributors}",
    title = "Virtual assistant --- {Wikipedia}{,} The Free Encyclopedia",
    year = "2021",
    url = "https://en.wikipedia.org/w/index.php?title=Virtual_assistant&oldid=1026987190",
    note = "[Online; accessed 16-June-2021]"
}


@reference{ wakeword,
	title = {Wake Word --- English Cambridge Dictionary},
	url = {https://dictionary.cambridge.org/us/dictionary/english/wake-word},
	abstract = {1. a word or words that you say in order to make an electronic device, or a…},
	language = {en-US},
	urldate = {2021-06-16},
	author = {{Cambridge Advanced Learner’s Dictionary \& Thesaurus}},
}

@article{skills,
	author = {Smehlik, David},
	title = {{Add new skills - Mycroft}},
	journal = {Mycroft},
	year = {2021},
	month = {May},
	publisher = {Mycroft},
	url = {https://mycroft.ai/get-started/#4-add-new-skills}
}

@misc{mycroftglossary,
	title = {{Glossary of terms}},
	year = {2021},
	month = {Jun},
	note = {[Online; accessed 16. Jun. 2021]},
	url = {https://mycroft-ai.gitbook.io/docs/about-mycroft-ai/glossary}
}

@article{fuzzymatching,
	author = {Kuruvilla, Varghese P.},
	title = {{Fuzzy Matching or Fuzzy Logic Algorithms Explained}},
	journal = {AI {\&} Machine Learning Blog},
	year = {2021},
	month = {May},
	publisher = {AI {\&} Machine Learning Blog},
	url = {https://nanonets.com/blog/fuzzy-matching-fuzzy-logic}
}

@misc{restapi,
	title = {{What is REST}},
	journal = {REST API Tutorial},
	year = {2021},
	month = {Jun},
	note = {[Online; accessed 16. Jun. 2021]},
	url = {https://restfulapi.net}
}

@misc{moodle,
	title = {{Moodle - Open-source learning platform {$\vert$} Moodle.org}},
	year = {2021},
	month = {Jun},
	note = {[Online; accessed 16. Jun. 2021]},
	url = {https://moodle.org}
}

@misc{webservices,
	title = {{Web services - MoodleDocs}},
	year = {2021},
	month = {May},
	note = {[Online; accessed 16. Jun. 2021]},
	url = {https://docs.moodle.org/311/en/Web_services}
}

@article{mycroft,
	author = {Schweppe, Derick},
	title = {{Mycroft {\textendash} The Open Source Privacy-Focused Voice Assistant - Mycroft}},
	journal = {Mycroft},
	year = {2021},
	month = {May},
	publisher = {Mycroft},
	url = {https://mycroft.ai}
}

@misc{mycroftcomponents,
	title = {{Technology Overview}},
	year = {2021},
	month = {Jun},
	note = {[Online; accessed 16. Jun. 2021]},
	url = {https://mycroft-ai.gitbook.io/docs/mycroft-technologies/overview}
}

@misc{ qt,
    author = "{Wikipedia contributors}",
    title = "Qt (software) --- {Wikipedia}{,} The Free Encyclopedia",
    year = "2021",
    url = "https://en.wikipedia.org/w/index.php?title=Qt_(software)&oldid=1028221487",
note = "[Online; accessed 16-June-2021]"
}

@misc{ qtcreator,
    author = "{Wikipedia contributors}",
    title = "Qt Creator --- {Wikipedia}{,} The Free Encyclopedia",
    year = "2021",
    url = "https://en.wikipedia.org/w/index.php?title=Qt_Creator&oldid=1021600453",
note = "[Online; accessed 16-June-2021]"
}

@misc{poedit,
	title = {{Poedit Translation Editor {\ifmmode---\else\textemdash\fi} Poedit}},
	journal = {Poedit},
	year = {2021},
	month = {Jun},
	note = {[Online; accessed 16. Jun. 2021]},
	url = {https://poedit.net}
}

@misc{ python,
    author = "{Wikipedia contributors}",
    title = "Python (programming language) --- {Wikipedia}{,} The Free Encyclopedia",
    year = "2021",
    url = "https://en.wikipedia.org/w/index.php?title=Python_(programming_language)&oldid=1028384838",
    note = "[Online; accessed 16-June-2021]"
}

@misc{pyqt5,
	title = {{Riverbank Computing {$\vert$} Introduction}},
	year = {2021},
	month = {Jun},
	note = {[Online; accessed 16. Jun. 2021]},
	url = {https://www.riverbankcomputing.com/software/pyqt}
}

@misc{requests,
	title = {{Requests: HTTP for Humans{\texttrademark} {\ifmmode---\else\textemdash\fi} Requests 2.25.1 documentation}},
	year = {2021},
	month = {Jun},
	note = {[Online; accessed 16. Jun. 2021]},
	url = {https://docs.python-requests.org/en/master}
}

@misc{gettext,
	title = {{gettext {\ifmmode---\else\textemdash\fi} Multilingual internationalization services {\ifmmode---\else\textemdash\fi} Python 3.9.5 documentation}},
	year = {2021},
	month = {Jun},
	note = {[Online; accessed 16. Jun. 2021]},
	url = {https://docs.python.org/3/library/gettext.html}
}

@misc{babel,
	title = {{Babel {\ifmmode---\else\textemdash\fi} Babel 2.7.0 documentation}},
	year = {2021},
	month = {Jan},
	note = {[Online; accessed 16. Jun. 2021]},
	url = {http://babel.pocoo.org/en/latest}
}

@misc{fuzzywuzzy,
	author = {seatgeek},
	title = {{fuzzywuzzy}},
	journal = {GitHub},
	year = {2021},
	month = {Jun},
	note = {[Online; accessed 16. Jun. 2021]},
	url = {https://github.com/seatgeek/fuzzywuzzy}
}

@misc{ bash,
    author = "{Wikipedia contributors}",
    title = "Bash (Unix shell) --- {Wikipedia}{,} The Free Encyclopedia",
    year = "2021",
    url = "https://en.wikipedia.org/w/index.php?title=Bash_(Unix_shell)&oldid=1027745992",
    note = "[Online; accessed 16-June-2021]"
}

@misc{ latex,
    author = "{Wikipedia contributors}",
    title = "LaTeX --- {Wikipedia}{,} The Free Encyclopedia",
    year = "2021",
    url = "https://en.wikipedia.org/w/index.php?title=LaTeX&oldid=1023081178",
    note = "[Online; accessed 16-June-2021]"
}

@misc{scrum,
	title = {{What is Scrum?}},
	journal = {Scrum},
	year = {2021},
	month = {Jun},
	note = {[Online; accessed 16. Jun. 2021]},
	url = {https://www.scrum.org/resources/what-is-scrum}
}

@misc{ git,
    author = "{Wikipedia contributors}",
    title = "Git --- {Wikipedia}{,} The Free Encyclopedia",
    year = "2021",
    url = "https://en.wikipedia.org/w/index.php?title=Git&oldid=1028031915",
    note = "[Online; accessed 16-June-2021]"
}

@misc{ github,
    author = "{Wikipedia contributors}",
    title = "GitHub --- {Wikipedia}{,} The Free Encyclopedia",
    year = "2021",
    url = "https://en.wikipedia.org/w/index.php?title=GitHub&oldid=1028816468",
    note = "[Online; accessed 16-June-2021]"
}

@misc{zenhub,
	title = {{ZenHub - Agile Project Management for GitHub}},
	year = {2021},
	month = {Jun},
	note = {[Online; accessed 16. Jun. 2021]},
	url = {https://www.zenhub.com}
}

@misc{ vscode,
    author = "{Wikipedia contributors}",
    title = "Visual Studio Code --- {Wikipedia}{,} The Free Encyclopedia",
    year = "2021",
    url = "https://en.wikipedia.org/w/index.php?title=Visual_Studio_Code&oldid=1027143164",
    note = "[Online; accessed 16-June-2021]"
}

@misc{pylint,
	author = {Logilab},
	title = {{Pylint - code analysis for Python {$\vert$} www.pylint.org}},
	year = {2020},
	month = {Aug},
	note = {[Online; accessed 16. Jun. 2021]},
	url = {https://pylint.org}
}

@misc{mypy,
	title = {{mypy - Optional Static Typing for Python}},
	year = {2021},
	month = {Jun},
	note = {[Online; accessed 16. Jun. 2021]},
	url = {http://mypy-lang.org}
}

@misc{georgiatech,
	title = {{Jill Watson, Round Three}},
	year = {2021},
	month = {Jun},
	note = {[Online; accessed 16. Jun. 2021]},
	url = {https://www.news.gatech.edu/2017/01/09/jill-watson-round-three}
}

@misc{alexauni,
	title = {{SLU Alexa Project}},
	year = {2021},
	month = {Jun},
	note = {[Online; accessed 16. Jun. 2021]},
	url = {https://www.slu.edu/news/2018/august/slu-alexa-project.php}
}

@misc{ stt,
    author = "{Wikipedia contributors}",
    title = "Speech recognition --- {Wikipedia}{,} The Free Encyclopedia",
    year = "2021",
    url = "https://en.wikipedia.org/w/index.php?title=Speech_recognition&oldid=1030555901",
    note = "[Online; accessed 29-June-2021]"
}

@misc{ tts,
    author = "{Wikipedia contributors}",
    title = "Speech synthesis --- {Wikipedia}{,} The Free Encyclopedia",
    year = "2021",
    url = "https://en.wikipedia.org/w/index.php?title=Speech_synthesis&oldid=1030992952",
    note = "[Online; accessed 29-June-2021]"
}